@phdthesis{petzoldt2013selecting,
  title={Selecting and reducing key sizes for multivariate cryptography},
  author={Petzoldt, Albrecht},
  year={2013},
  school={tuprints}
}