@book{Rosen:book:2011,
 author = {Rosen, K. H.},
 title = {Discrete Mathematics and Its Applications},
 year = {2011},
 isbn = {0073383090},
 edition = {7th},
}

@book{Kolman:book:1999,
 author = {Kolman, B. and Busby, R. and Ross, S.},
 title = {Discrete Mathematical Structures},
 year = {1999},
 isbn = {0130831433},
 edition = {4th},
}
