@article{Brzozowski:article:1964:oct,
 doi = {10.1145/321239.321249},
 author = {Brzozowski, J. A.},
 title = {Derivatives of Regular Expressions},
 journal = {Journal of the ACM},
 year = {1964},
 month = oct,
 volume = {11},
 number = {4},
 pages = {481--494},
}

@inproceedings{Arden:inproc:1961:oct,
 doi = {10.1109/FOCS.1961.13},
 author = {Arden, D. N.},
 title = {Delayed-logic and finite-state machines},
 year = {1961},
 month = oct,
 booktitle = {2nd Annual Symposium
  on Switching Circuit Theory and Logical Design},
 editor = {Ledley, R. S.},
 pages = {133--151},
 location = {Detroit, Michigan, USA},
}
