@article{Shor:article:1997:oct,
 doi = {10.1137/S0097539795293172},
 author = {Shor, P. W.},
 title = {{Polynomial-Time Algorithms for Prime Factorization
    and Discrete Logarithms on a Quantum Computer}},
 journal = {SIAM Journal on Computing},
 year = {1997},
 month = oct,
 volume = {26},
 number = {5},
 pages = {1484--1509},
 url = {https://arxiv.org/abs/quant-ph/9508027v2},
}

@article{Steinwandt:article:2008:oct,
 doi = {10.1016/j.ipl.2008.05.004},
 author = {Steinwandt, R. and Vill\'{a}nyi, V. I.},
 title = {{A one-time signature using run-length encoding}},
 journal = {Information Processing Letters},
 year = {2008},
 month = oct,
 volume = {108},
 number = {4},
 pages = {179--185},
}

@inproceedings{Merkle:inproc:1989:aug,
 doi = {10.1007/0-387-34805-0_21},
 author = {Merkle, R. C.},
 title = {{A Certified Digital Signature}},
 year = {1989},
 month = aug,
 booktitle = {Advances in Cryptology -- {CRYPTO '89}},
 editor = {Brassard, G.},
 pages = {218--238},
 location = {Santa Barbara, California, USA},
 series = {Lecture Notes in Computer Science},
 volume = 435,
}

@inproceedings{Rompel:inproc:1990:may,
 doi = {10.1145/100216.100269},
 author = {Rompel, J.},
 title = {{One-way Functions Are Necessary and Sufficient
     for Secure Signatures}},
 year = {1990},
 month = may,
 booktitle = {Proceedings of the Twenty-second Annual ACM Symposium
     on Theory of Computing},
 editor = {Ortiz, H.},
 pages = {387--394},
 location = {Baltimore, Maryland, USA},
}

@inproceedings{Bernstein:inproc:2015:apr,
 doi = {10.1007/978-3-662-46800-5_15},
 author = {Bernstein, D. J. and Hopwood, D. and H\"{u}lsing, A. and Lange, T.
     and Niederhagen, R. and Papachristodoulou, L. and Schneider, M.
     and Schwabe, P. and Wilcox-O'Hearn, Z.},
 title = {{SPHINCS: Practical Stateless Hash-Based Signatures}},
 year = {2015},
 month = apr,
 booktitle = {Advances in Cryptology -- {EUROCRYPT} 2015},
 editor = {Oswald, E. and Fischlin, M.},
 pages = {368--397},
 location = {Sofia, Bulgaria},
 series = {Lecture Notes in Computer Science},
 volume = 9056,
 url = {https://eprint.iacr.org/2014/795},
}

@inproceedings{Cruz:inproc:2016:oct,
 author = {Cruz, J. P. and Yatani, Y. and Kaji, Y.},
 title = {{Constant-sum fingerprinting for {Winternitz} one-time signature}},
 year = {2016},
 month = oct,
 booktitle = {2016 International Symposium
     on Information Theory and Its Applications (ISITA)},
 pages = {703--707},
 location = {Monterey, California, USA},
}

@misc{Bernstein:misc:2017:dec,
 author = {Bernstein, D. J. and Dobraunig, C. and Eichlseder, M.
    and Fluhrer, S. and Gazdag, S.-L. and H\"{u}lsing, A. and Kampanakis, P.
    and K\"{o}lbl, S. and Lange, T. and Lauridsen, M. M. and Mendel, F.
    and Niederhagen, R.  and Rechberger, C. and Rijneveld, J. and Schwabe, P.},
 title = {{SPHINCS$^{+}$ -- Submission to the NIST post-quantum project}},
 year = {2017},
 month = dec,
 url = {https://sphincs.org/data/sphincs+-specification.pdf},
}

@techreport{Lamport:report:1979:oct,
 author = {Lamport, L.},
 title = {{Constructing digital signatures from a one-way function}},
 year = {1979},
 month = oct,
 type = {Technical Report},
 number = {CSL-98},
 institution = {SRI International Palo Alto},
 url = {https://www.microsoft.com/en-us/research/publication/constructing-digital-signatures-one-way-function/},
}

@techreport{McGrew:report:2018:apr,
 author = {McGrew, D. A. and Curcio, M. and Fluhrer, S.},
 title = {{Hash-Based Signatures}},
 year = {2018},
 month = apr,
 type = {Internet-Draft},
 number = {draft-mcgrew-hash-sigs-11},
 institution = {Internet Engineering Task Force},
 note = {{Work in Progress}},
 url = {https://datatracker.ietf.org/doc/html/draft-mcgrew-hash-sigs},
}

@techreport{Huelsing:report:2018:may,
 author = {H\"{u}lsing, A. and Butin, D. and Gazdag, S.-L. and Rijneveld, J.
     and Mohaisen, A.},
 title = {{XMSS: Extended Hash-Based Signatures}},
 year = {2018},
 month = may,
 type = {Request for Comments},
 number = {8391},
 institution = {Internet Engineering Task Force},
 url = {https://tools.ietf.org/html/rfc8391},
}
