@inproceedings{Kipnis:inproc:1999:apr,
 doi = {10.1007/3-540-48910-X\_15},
 author = {Kipnis, A. and Patarin, J. and Goubin, L.},
 title = {{Unbalanced Oil and Vinegar Signature Schemes}},
 year = {1999},
 month = apr,
 booktitle = {Advances in Cryptology -- {EUROCRYPT '99}},
 editor = {Stern, J.},
 pages = {206--222},
 location = {Prague, Czech Republic},
 series = {Lecture Notes in Computer Science},
 volume = 1592,
 url = {http://www.goubin.fr/papers/OILLONG.PDF},
}

@article{Shor:article:1997:oct,
 doi = {10.1137/S0097539795293172},
 author = {Shor, P. W.},
 title = {{Polynomial-Time Algorithms for Prime Factorization
    and Discrete Logarithms on a Quantum Computer}},
 journal = {SIAM Journal on Computing},
 year = {1997},
 month = oct,
 volume = {26},
 number = {5},
 pages = {1484--1509},
 url = {https://arxiv.org/abs/quant-ph/9508027v2},
}

@article{Yasuda:article:2014:jan,
 doi = {10.1587/transfun.E97.A.245},
 author = {Yasuda, T. and Takagi, T. and Sakurai, K.},
 title = {{Security of Multivariate Signature Scheme Using Non-commutative
     Rings}},
 journal = {IEICE Transactions on Fundamentals of Electronics, Communications
     and Computer Sciences},
 year = {2014},
 month = jan,
 volume = {E97.A},
 number = {1},
 pages = {242--252},
}

@article{Yasuda:article:2014:sep,
 doi = {10.22667/JOWUA.2014.09.31.003},
 author = {Yasuda, T. and Takagi, T. and Sakurai, K.},
 title = {{Efficient variant of Rainbow using sparse secret keys}},
 journal = {Journal of Wireless Mobile Networks, Ubiquitous Computing, and
     Dependable Applications},
 year = {2014},
 month = sep,
 volume = {5},
 number = {3},
 pages = {3--13},
 url = {http://isyou.info/jowua/papers/jowua-v5n3-1.pdf},
}

@article{Peng:article:2017:jun,
 doi = {10.1109/ACCESS.2017.2717279},
 author = {Peng, Z. and Tang, S.},
 title = {{Circulant Rainbow: A New Rainbow Variant With Shorter Private Key
     and Faster Signature Generation}},
 journal = {IEEE Access},
 year = {2017},
 month = jun,
 volume = {5},
 pages = {11877--11886},
 url = {https://ieeexplore.ieee.org/document/7953492},
}

@inproceedings{Ding:inproc:2005:jun,
 doi = {10.1007/11496137\_12},
 author = {Ding, J. and Schmidt, D.},
 title = {{Rainbow, a New Multivariable Polynomial Signature Scheme}},
 year = {2005},
 month = jun,
 booktitle = {Applied Cryptography and Network Security},
 editor = {Ioannidis, J. and Keromytis, A. and Yung, M.},
 pages = {164--175},
 location = {New York, New York, USA},
 series = {Lecture Notes in Computer Science},
 volume = 3531,
}

@inproceedings{Petzoldt:inproc:2010:jun,
 author = {Petzoldt, A. and Bulygin, S. and Buchmann, J.},
 title = {{A Multivariate Signature Scheme with a Partially Cyclic Public Key}},
 year = {2010},
 month = jun,
 booktitle = {International Conference on Symbolic Computation and
     Cryptography},
 editor = {Faug√®re, J.-C. and Cid, C.},
 pages = {229--235},
 location = {Egham, UK},
 url = {http://scc2010.rhul.ac.uk/scc2010-proceedings.pdf},
}

@inproceedings{Petzoldt:inproc:2010:dec,
 doi = {10.1007/978-3-642-17401-8\_4},
 author = {Petzoldt, A. and Bulygin, S. and Buchmann, J.},
 title = {{CyclicRainbow -- A Multivariate Signature Scheme with a Partially
     Cyclic Public Key}},
 year = {2010},
 month = dec,
 booktitle = {{Progress in Cryptology -- INDOCRYPT 2010}},
 editor = {Gong, G. and Gupta, K. C.},
 pages = {33--48},
 location = {Hyderabad, India},
 series = {Lecture Notes in Computer Science},
 volume = 6498,
 url = {https://eprint.iacr.org/2010/424},
}

@inproceedings{Petzoldt:inproc:2011:mar,
 doi = {10.1007/978-3-642-19379-8\_21},
 author = {Petzoldt, A. and Bulygin, S. and Buchmann, J.},
 title = {{Linear Recurring Sequences for the UOV Key Generation}},
 year = {2011},
 month = mar,
 booktitle = {{Public Key Cryptography -- PKC 2011}},
 editor = {Catalano, D. and Fazio, N. and Gennaro, R. and Nicolosi, A.},
 pages = {335--350},
 location = {Taormina, Italy},
 series = {Lecture Notes in Computer Science},
 volume = 6571,
 url = {https://www.iacr.org/archive/pkc2011/65710345/65710345.pdf},
}

@inproceedings{Petzoldt:inproc:2011:sep,
 doi = {10.1007/978-3-642-23951-9\_31},
 author = {Petzoldt, A. and Thomae, E. and Bulygin, S. and Wolf, C.},
 title = {{Small Public Keys and Fast Verification for $\mathcal{M}$ultivariate
     $\mathcal{Q}$uadratic Public Key Systems}},
 year = {2011},
 month = sep,
 booktitle = {{Cryptographic Hardware and Embedded Systems -- CHES 2011}},
 editor = {Preneel, B. and Takagi, T.},
 pages = {475--490},
 location = {Nara, Japan},
 series = {Lecture Notes in Computer Science},
 volume = 6917,
 url = {https://eprint.iacr.org/2011/294},
}

@inproceedings{Yasuda:inproc:2012:feb,
 doi = {10.1007/978-3-642-27954-6\_5},
 author = {Yasuda, T. and Sakurai, K. and Takagi, T},
 title = {{Reducing the Key Size of Rainbow Using Non-commutative Rings}},
 year = {2012},
 month = feb,
 booktitle = {{Topics in Cryptology -- CT-RSA 2012}},
 editor = {Dunkelman, O.},
 pages = {68--83},
 location = {San Francisco, California, USA},
 series = {Lecture Notes in Computer Science},
 volume = 7178,
}

@inproceedings{Petzoldt:inproc:2012:nov,
 doi = {10.1007/978-3-642-37682-5\_31},
 author = {Petzoldt, A. and Bulygin, S.},
 title = {{Linear Recurring Sequences for the UOV Key Generation Revisited}},
 year = {2012},
 month = nov,
 booktitle = {{Information Security and Cryptology -- ICISC 2012}},
 editor = {Kwon, T. and Lee, M.-K. and Kwon, D.},
 pages = {441--455},
 location = {Seoul, Korea},
 series = {Lecture Notes in Computer Science},
 volume = 7839,
}

@inproceedings{Yasuda:inproc:2013:may,
 doi = {10.1145/2484389.2484401},
 author = {Yasuda, T. and Ding, J. and Takagi, T. and Sakurai, K.},
 title = {{A Variant of Rainbow with Shorter Secret Key and Faster Signature
     Generation}},
 year = {2013},
 month = may,
 booktitle = {ACM Workshop on Asia Public-Key Cryptography},
 editor = {Chen, K. and Xie, Q. and Qiu, W. and Xu, S. and Zhao, Y.},
 pages = {57--62},
 location = {Hangzhou, China},
}

@inproceedings{Petzoldt:inproc:2013:jun,
 doi = {10.1007/978-3-642-38616-9\_13},
 author = {Petzoldt, A. and Bulygin, S. and Buchmann, J.},
 title = {{Fast Verification for Improved Versions of the UOV and Rainbow
     Signature Schemes}},
 year = {2013},
 month = jun,
 booktitle = {Post-Quantum Cryptography},
 editor = {Gaborit, P.},
 pages = {188--202},
 location = {Limoges, France},
 series = {Lecture Notes in Computer Science},
 volume = 7932,
}

@inproceedings{Yasuda:inproc:2014:apr,
 doi = {10.1007/978-3-642-55032-4\_55},
 author = {Yasuda, T. and Takagi, T. and Sakurai, K.},
 title = {{Efficient Variant of Rainbow without Triangular Matrix
     Representation}},
 year = {2014},
 month = apr,
 booktitle = {Information and Communication Technology},
 editor = {Mahendra, M. S. and Neuhold, E. J. and Tjoa, M. A. and You, I.},
 pages = {532--541},
 location = {Bali, Indonesia},
 series = {Lecture Notes in Computer Science},
 volume = 8407,
 url = {https://hal.inria.fr/hal-01397267},
}

@inproceedings{Shim:inproc:2015:dec,
 doi = {10.1007/978-3-319-26617-6\_3},
 author = {Shim, K.-A. and Park, C.-M. and Baek, Y.-J.},
 title = {{Lite-Rainbow: Lightweight Signature Schemes Based on Multivariate
     Quadratic Equations and Their Secure Implementations}},
 year = {2015},
 month = dec,
 booktitle = {{Progress in Cryptology -- INDOCRYPT 2015}},
 editor = {Biryukov, A. and Goyal, V.},
 pages = {45--63},
 location = {Bangalore, India},
 series = {Lecture Notes in Computer Science},
 volume = 9462,
}

@inproceedings{Szepieniec:inproc:2017:jun,
 doi = {10.1007/978-3-319-59879-6\_13},
 author = {Szepieniec, A. and Beullens, W. and Preneel, B.},
 title = {{MQ Signatures for PKI}},
 year = {2017},
 month = jun,
 booktitle = {Post Quantum Cryptography},
 editor = {Lange, T. and Takagi, T.},
 pages = {224--240},
 location = {Utrecht, The Netherlands},
 series = {Lecture Notes in Computer Science},
 volume = 10346,
 url = {https://eprint.iacr.org/2017/327},
}

@inproceedings{Beullens:inproc:2017:dec,
 doi = {10.1007/978-3-319-71667-1\_12},
 author = {Beullens, W. and Preneel, B.},
 title = {{Field Lifting for Smaller UOV Public Keys}},
 year = {2017},
 month = dec,
 booktitle = {{Progress in Cryptology -- INDOCRYPT 2017}},
 editor = {Patra, A. and Smart, N.},
 location = {Chennai, India},
 series = {Lecture Notes in Computer Science},
 volume = 10698,
 url = {https://eprint.iacr.org/2017/776},
}

@phdthesis{Petzoldt:phd:2013:jul,
 author = {Petzoldt, A.},
 title = {{Selecting and Reducing Key Sizes for Multivariate Cryptography}},
 year = {2013},
 month = jul,
 school = {Technische Universit{\"a}t Darmstadt},
 url = {http://tuprints.ulb.tu-darmstadt.de/3523/},
}

@misc{Ding:misc:2017:dec,
 author = {Ding, J. and Chen, M.-S. and Petzoldt, A. and Schmidt, D.
     and Yang, B.-Y.},
 title = {{Rainbow - Algorithm Specification and Documentation}},
 howpublished = {Round 1 Submission, NIST Post-Quantum Cryptography
     Standardisation Process},
 year = 2017,
 month = dec,
}
