@article{Shor:1997:PAP:264393.264406,
 author = {Shor, Peter W.},
 title = {{Polynomial-Time Algorithms for Prime Factorization
  and Discrete Logarithms on a Quantum Computer}},
 journal = {SIAM J. Comput.},
 issue_date = {Oct. 1997},
 volume = {26},
 number = {5},
 month = oct,
 year = {1997},
 issn = {0097-5397},
 pages = {1484--1509},
 numpages = {26},
 url = {http://dx.doi.org/10.1137/S0097539795293172},
 doi = {10.1137/S0097539795293172},
 acmid = {264406},
 publisher = {Society for Industrial and Applied Mathematics},
 address = {Philadelphia, PA, USA},
} 


@incollection{Merkle1990,
 doi = {10.1007/0-387-34805-0_21},
 url = {https://doi.org/10.1007/0-387-34805-0_21},
 publisher = {Springer New York},
 pages = {218--238},
 author = {Ralph C. Merkle},
 title = {{A Certified Digital Signature}},
 booktitle = {Advances in Cryptology {\textemdash} {CRYPTO}' 89 Proceedings},
 year = {1989},
}

@article{Lamport1979,
 author = {Lamport, Leslie},
 journal = {SRI International},
 title = {{Constructing Digital Signatures from a One Way Function}},
 url = {https://www.microsoft.com/en-us/research/publication/constructing-digital-signatures-one-way-function/},
 year = {1979}
}

@incollection{Bernstein2015,
  doi = {10.1007/978-3-662-46800-5_15},
  url = {https://doi.org/10.1007/978-3-662-46800-5_15},
  year = {2015},
  publisher = {Springer-Verlag Berlin Heidelberg},
  pages = {368--397},
  author = {Daniel J. Bernstein and Daira Hopwood and Andreas Hülsing
   and Tanja Lange and Ruben Niederhagen and Louiza Papachristodoulou
   and Michael Schneider and Peter Schwabe and Zooko Wilcox-O'Hearn},
  title = {{SPHINCS}: Practical Stateless Hash-Based Signatures},
  booktitle = {Advances in Cryptology -- {EUROCRYPT} 2015}
}

@inproceedings{Buchmann2011,
 address = {Taipei, Taiwan},
 author = {Johannes Buchmann and Erik Dahmen and Andreas Hülsing},
 booktitle = {PQCrypto 2011},
 doi = {10.1007/978-3-642-25405-5_8},
 editor = {{Bo-Yin} Yang},
 isbn = {9783642254048},
 pages = {117--129},
 publisher = {Springer-Verlag Berlin Heidelberg},
 title = {{XMSS -- A practical forward secure signature scheme
  based on minimal security assumptions}},
 url = {https://doi.org/10.1007/978-3-642-25405-5_8},
 year = {2011}
}

@book{Goldreich:2004:FCV:975541,
 author = {Goldreich, Oded},
 title = {Foundations of Cryptography: Volume 2, Basic Applications},
 year = {2004},
 isbn = {0521830842},
 publisher = {Cambridge University Press},
 address = {New York, NY, USA},
}

@article{Rivest:1978:MOD:359340.359342,
 author = {Rivest, R. L. and Shamir, A. and Adleman, L.},
 title = {{A Method for Obtaining Digital Signatures and Public-key Cryptosystems}},
 journal = {Commun. ACM},
 issue_date = {Feb. 1978},
 volume = {21},
 number = {2},
 month = feb,
 year = {1978},
 issn = {0001-0782},
 pages = {120--126},
 numpages = {7},
 url = {http://doi.acm.org/10.1145/359340.359342},
 doi = {10.1145/359340.359342},
 acmid = {359342},
 publisher = {ACM},
 address = {New York, NY, USA},
}

@article{Johnson2001,
 author = {Johnson, Don and Menezes, Alfred and Vanstone, Scott},
 title = {{The Elliptic Curve Digital Signature Algorithm (ECDSA)}},
 journal = {International Journal of Information Security},
 year = {2001},
 month = {Aug},
 day = {01},
 volume = {1},
 number = {1},
 pages = {36--63},
 issn = {1615-5262},
 doi = {10.1007/s102070100002},
 url = {https://doi.org/10.1007/s102070100002}
}

@inproceedings{Rompel:1990:OFN:100216.100269,
 author = {Rompel, J.},
 title = {{One-way Functions Are Necessary and Sufficient for Secure Signatures}},
 booktitle = {Proceedings of the Twenty-second Annual ACM Symposium on Theory of Computing},
 series = {STOC '90},
 year = {1990},
 isbn = {0-89791-361-2},
 location = {Baltimore, Maryland, USA},
 pages = {387--394},
 numpages = {8},
 url = {http://doi.acm.org/10.1145/100216.100269},
 doi = {10.1145/100216.100269},
 acmid = {100269},
 publisher = {ACM},
 address = {New York, NY, USA},
} 