@article{Shor:article:1997:oct,
 doi = {10.1137/S0097539795293172},
 author = {Shor, P. W.},
 title = {{Polynomial-Time Algorithms for Prime Factorization
    and Discrete Logarithms on a Quantum Computer}},
 journal = {SIAM Journal on Computing},
 year = {1997},
 month = oct,
 volume = {26},
 number = {5},
 pages = {1484--1509},
 url = {https://arxiv.org/abs/quant-ph/9508027v2},
}

@book{Bernstein:book:2008,
 author = {Bernstein, D. J. and Buchmann, J. and Dahmen, E.},
 title = {{Post Quantum Cryptography}},
 year = {2008},
 isbn = {3540887016},
 edition = {1st},
}

@inproceedings{Patarin:inproc:1996:may,
 doi = {10.1007/3-540-68339-9_4},
 author = {Patarin, J.},
 title = {{Hidden Fields Equations (HFE) and Isomorphisms of Polynomials (IP): Two New Families of Asymmetric Algorithms}},
 year = {1996},
 month = may,
 booktitle = {{Advances in Cryptology -- EUROCRYPT â€™96}},
 editor = {Maurer, U.},
 pages = {33--48},
 location = {Saragossa, Spain},
 series = {Lecture Notes in Computer Science},
 volume = 1070,
}

@inproceedings{Kipnis:inproc:1999:apr,
 doi = {10.1007/3-540-48910-X\_15},
 author = {Kipnis, A. and Patarin, J. and Goubin, L.},
 title = {{Unbalanced Oil and Vinegar Signature Schemes}},
 year = {1999},
 month = apr,
 booktitle = {Advances in Cryptology -- {EUROCRYPT '99}},
 editor = {Stern, J.},
 pages = {206--222},
 location = {Prague, Czech Republic},
 series = {Lecture Notes in Computer Science},
 volume = 1592,
 url = {https://www.researchgate.net/publication/2577687_Unbalanced_Oil_and_Vinegar_Signature_Schemes},
}

@inproceedings{Ding:inproc:2005:jun,
 doi = {10.1007/11496137\_12},
 author = {Ding, J. and Schmidt, D.},
 title = {{Rainbow, a New Multivariable Polynomial Signature Scheme}},
 year = {2005},
 month = jun,
 booktitle = {Applied Cryptography and Network Security},
 editor = {Ioannidis, J. and Keromytis, A. and Yung, M.},
 pages = {164--175},
 location = {New York, NY, USA},
 series = {Lecture Notes in Computer Science},
 volume = 3531,
 url = {https://www.researchgate.net/publication/220271942_Rainbow_a_New_Multivariable_Polynomial_Signature_Scheme},
}

